<record><leader>00000cas a2200000 a 4500</leader><controlfield tag="001">10667210</controlfield><controlfield tag="008">840426d1868187umduwr ne      0    0eng d</controlfield><datafield ind1=" " ind2=" " tag="010"><subfield code="a">sn 84026760 </subfield></datafield><datafield ind1=" " ind2=" " tag="040"><subfield code="a">NPU</subfield><subfield code="b">eng</subfield><subfield code="c">NPU</subfield><subfield code="d">NPX</subfield><subfield code="d">MFN</subfield><subfield code="d">KNP</subfield><subfield code="d">MFN</subfield><subfield code="d">KNP</subfield><subfield code="d">OCL</subfield><subfield code="d">OCLCQ</subfield></datafield><datafield ind1=" " ind2=" " tag="042"><subfield code="a">msc</subfield></datafield><datafield ind1="0" ind2=" " tag="130"><subfield code="a">Eastern shoreman (Salisbury, Md.)</subfield></datafield><datafield ind1="1" ind2="0" tag="245"><subfield code="a">Eastern shoreman.</subfield></datafield><datafield ind1=" " ind2=" " tag="260"><subfield code="a">Salisbury, Md. :</subfield><subfield code="b">Parsons &amp; Toadvin</subfield></datafield><datafield ind1=" " ind2=" " tag="300"><subfield code="a">v.</subfield></datafield><datafield ind1=" " ind2=" " tag="310"><subfield code="a">Weekly</subfield></datafield><datafield ind1="0" ind2=" " tag="362"><subfield code="a">Vol. 1, no. 1 (Mar. 21, 1868)-</subfield></datafield><datafield ind1=" " ind2="4" tag="651"><subfield code="a">Salisbury (Md.)</subfield><subfield code="v">Newspapers.</subfield></datafield><datafield ind1=" " ind2=" " tag="752"><subfield code="a">United States</subfield><subfield code="b">Maryland</subfield><subfield code="c">Wicomico</subfield><subfield code="d">Salisbury.</subfield></datafield><datafield ind1="0" ind2="7" tag="785"><subfield code="t">Salisbury advertiser (Salisbury, Md. : 1867)</subfield><subfield code="w">(DLC)sn 84026759</subfield></datafield><datafield ind1="0" ind2="7" tag="785"><subfield code="t">Salisbury advertiser and eastern shoreman</subfield><subfield code="w">(DLC)sn 89061533</subfield></datafield><datafield ind1="1" ind2=" " tag="029"><subfield code="a">AU@</subfield><subfield code="b">000020436702</subfield></datafield></record>